<?xml version="1.0" encoding="UTF-8"?><collection xmlns="http://www.loc.gov/MARC21/slim"><record><leader>00308nam--2200121-i-4500</leader><controlfield tag="001">000040837</controlfield><controlfield tag="002">20161230</controlfield><controlfield tag="005">20161230201042</controlfield><controlfield tag="008">060222s1000------------r-----000-0-eng-d</controlfield><datafield ind1=" " ind2=" " tag="100"><subfield code="a">Schlesinger, Ludvig</subfield></datafield><datafield ind1=" " ind2=" " tag="245"><subfield code="a">Raum, zeit und relativitatstheorie</subfield></datafield><datafield ind1=" " ind2=" " tag="260"><subfield code="a">Berlin, 1920, 40p.Mit 7 Fig.Im Text</subfield></datafield><datafield ind1=" " ind2=" " tag="852"><subfield code="a">219</subfield></datafield></record></collection>